@incollection{McMillan03,
	isbn={978-3-540-40524-5},
	booktitle={Computer Aided Verification},
	volume={2725},
	series={Lecture Notes in Computer Science},
  year={2003},
	editor={Hunt, Warren A., Jr. and Somenzi, Fabio},
	title={Interpolation and SAT-Based Model Checking},
	publisher={Springer Berlin Heidelberg},
	author={McMillan, Kenneth L.},
	pages={1-13},
}
	%doi={10.1007/978-3-540-45069-6_1},
	%url={http://dx.doi.org/10.1007/978-3-540-45069-6_1},

@article{Craig57,
    author = {Craig, William},
    citeulike-article-id = {6076354},
    citeulike-linkout-0 = {http://www.jstor.org/stable/2963594},
    citeulike-linkout-1 = {http://www.jstor.org/sici?sici=0022-4812\%28195709\%2922\%3A3\%3C269\%3ATUOTHT\%3E2\%2E0\%2ECO\%3B2-M\&\#38;origin=euclid\&\#38;cookieSet=1},
    journal = {The Journal of Symbolic Logic},
    keywords = {interpolation},
    month = sep,
    number = {3},
    pages = {269--285},
    posted-at = {2009-11-05 20:00:57},
    priority = {2},
    publisher = {Association for Symbolic Logic},
    title = {Three Uses of the Herbrand-Gentzen Theorem in Relating Model Theory and Proof Theory},
    url = {http://www.jstor.org/stable/2963594},
    volume = {22},
    year = {1957}
}


