@incollection{McMillan03,
	isbn={978-3-540-40524-5},
	booktitle={Computer Aided Verification},
	volume={2725},
	series={Lecture Notes in Computer Science},
	year={2003},
	editor={Hunt, Warren A., Jr. and Somenzi, Fabio},
	title={{Interpolation and SAT-Based Model Checking}},
	publisher={Springer Berlin Heidelberg},
	author={McMillan, Kenneth L.},
	pages={1-13},
}
%doi={10.1007/978-3-540-45069-6_1},
	%url={http://dx.doi.org/10.1007/978-3-540-45069-6_1},

@article{Craig57three,
	author = {Craig, William},
	citeulike-article-id = {6076354},
	citeulike-linkout-0 = {http://www.jstor.org/stable/2963594},
	citeulike-linkout-1 = {http://www.jstor.org/sici?sici=0022-4812\%28195709\%2922\%3A3\%3C269\%3ATUOTHT\%3E2\%2E0\%2ECO\%3B2-M\&\#38;origin=euclid\&\#38;cookieSet=1},
	journal = {The Journal of Symbolic Logic},
	keywords = {interpolation},
	month = sep,
	number = {3},
	pages = {269--285},
	posted-at = {2009-11-05 20:00:57},
	priority = {2},
	publisher = {Association for Symbolic Logic},
	title = {{Three Uses of the Herbrand-Gentzen Theorem in Relating Model Theory and Proof Theory}},
	url = {http://www.jstor.org/stable/2963594},
	volume = {22},
	year = {1957}
}

@article{Craig57linear,
	author = {Craig, William},
	citeulike-article-id = {6076366},
	citeulike-linkout-0 = {http://www.jstor.org/stable/2963593},
	journal = {The Journal of Symbolic Logic},
	keywords = {interpolation},
	month = sep,
	number = {3},
	pages = {250--268},
	posted-at = {2009-11-05 20:06:03},
	priority = {2},
	publisher = {Association for Symbolic Logic},
	title = {{Linear Reasoning. A New Form of the Herbrand-Gentzen Theorem}},
	url = {http://www.jstor.org/stable/2963593},
	volume = {22},
	year = {1957}
}


@book{chang1990model,
	title={Model Theory},
	author={Chang, C.C. and Keisler, H.J.},
	isbn={9780080880075},
	series={Studies in Logic and the Foundations of Mathematics},
	url={http://books.google.at/books?id=uiHq0EmaFp0C},
	year={1990},
	publisher={Elsevier Science}
}

@book{shoenfield1967mathematical,
	title={Mathematical logic},
	author={Shoenfield, Joseph R.},
	lccn={67021300},
	series={Addison-Wesley series in logic},
	url={http://books.google.at/books?id=44pQAAAAMAAJ},
	year={1967},
	publisher={Addison-Wesley Pub. Co.}
}

@book{takeuti1987proof,
	title={Proof Theory},
	author={Takeuti, Gaisi},
	isbn={9780444879431},
	lccn={86004489},
	series={Studies in logic and the foundations of mathematics},
	url={http://books.google.at/books?id=ZBimQgAACAAJ},
	year={1987},
	publisher={North-Holland}
}


@inproceedings{Huang95,
	author = {Huang, Guoxiang},
	title = {{Constructing Craig Interpolation Formulas}},
	booktitle = {Proceedings of the First Annual International Conference on Computing and Combinatorics},
	series = {COCOON '95},
	year = {1995},
	isbn = {3-540-60216-X},
	pages = {181--190},
	numpages = {10},
	url = {http://dl.acm.org/citation.cfm?id=646714.703797},
	acmid = {703797},
	publisher = {Springer-Verlag},
	address = {London, UK, UK},
} 

@phdthesis{weissenbacher2010,
	title = {{Program Analysis with Interpolants}},
	author = {Weissenbacher, Georg},
	year = "2010",
	affiliation = "Oxford University",
	school = "Oxford University",
	url = "http://ora.ouls.ox.ac.uk/objects/uuid:6987de8b-92c2-4309-b762-f0b0b9a165e6",
}

@article{Pudlak97,
	author    = {Pavel Pudl{\'a}k},
	title     = {{Lower Bounds for Resolution and Cutting Plane Proofs and
		Monotone Computations}},
	journal   = {J. Symb. Log.},
	volume    = {62},
	number    = {3},
	year      = {1997},
	pages     = {981-998},
	ee        = {http://projecteuclid.org/euclid.jsl/1183745308},
	bibsource = {DBLP, http://dblp.uni-trier.de}
}

@article{krajivcek1997interpolation,
	title={{Interpolation Theorems, Lower Bounds for Proof Systems, and Independence Results for Bounded Arithmetic}},
	author={Kraj{\'\i}{\v{c}}ek, Jan},
	journal={Journal of Symbolic Logic},
	pages={457--486},
	year={1997},
	publisher={JSTOR}
}


@TECHREPORT{MPB-MKJ:TR2012:interpolation,
	AUTHOR = "Bonacina, Maria Paola and Johansson, Moa",
	TITLE = {{On Interpolation in Automated Theorem Proving}},
	INSTITUTION = {Dipartimento di Informatica, Universit\`a degli Studi di Verona},
	NUMBER = "86/2012",
	YEAR = 2013,
	NOTE = "Submitted to journal August 2013"}

	@book{baaz2011methods,
		title={Methods of Cut-Elimination},
		author={Baaz, Matthias and Leitsch, Alexander},
		isbn={9789400703209},
		series={Trends in Logic},
		url={http://books.google.at/books?id=LhwM6\_t2wOMC},
		year={2011},
		publisher={Springer}
	}


@article{lyndon59,
	ajournal = "Pacific J. Math.",
	author = "Lyndon, Roger C.",
	journal = "Pacific Journal of Mathematics",
	number = "1",
	pages = "129--142",
	publisher = "Pacific Journal of Mathematics, A Non-profit Corporation",
	title = {{An Interpolation Theorem in the Predicate Calculus}},
	url = "http://projecteuclid.org/euclid.pjm/1103039458",
	volume = "9",
	year = "1959"
}


@article{Rob65,
	author = {Robinson, J. A.},
	title = {A Machine-Oriented Logic Based on the Resolution Principle},
	journal = {J. ACM},
	issue_date = {Jan. 1965},
	volume = {12},
	number = {1},
	month = jan,
	year = {1965},
	issn = {0004-5411},
	pages = {23--41},
	numpages = {19},
	url = {http://doi.acm.org/10.1145/321250.321253},
	doi = {10.1145/321250.321253},
	acmid = {321253},
	publisher = {ACM},
	address = {New York, NY, USA},
} 

@book{Kleene:103788,
	author        = "Kleene, Stephen Cole",
	title         = "{Mathematical logic}",
	publisher     = "Wiley",
	address       = "New York, NY",
	year          = "1967",
}


@article{Slagle:1970:ITR:321592.321604,
	author = {Slagle, James R.},
	title = {Interpolation Theorems for Resolution in Lower Predicate Calculus},
	journal = {J. ACM},
	issue_date = {July 1970},
	volume = {17},
	number = {3},
	month = jul,
	year = {1970},
	issn = {0004-5411},
	pages = {535--542},
	numpages = {8},
	url = {http://doi.acm.org/10.1145/321592.321604},
	doi = {10.1145/321592.321604},
	acmid = {321604},
	publisher = {ACM},
	address = {New York, NY, USA},
} 


@article{Gentzen,
	author = {Gentzen, Gerhard},
	journal = {Mathematische Zeitschrift},
	title = {{Untersuchungen \"{u}ber das logische Schlie{\ss}en}},
	url = {http://www-gdz.sub.uni-goettingen.de/cgi-bin/digbib.cgi?PPN266833020\_0039},
	volume = {39},
	pages ={176–210, 405–431},
	year = {1934-1935}
}



@inproceedings{interpolantStrenth,
	title = {{Interpolant Strength}},
	author = "Vijay D'Silva and Daniel Kroening and Mitra Purandare and Georg Weissenbacher",
	year = "2010",
	booktitle = {{Proceedings of the International Conference on Verification, Model Checking, and Abstract Interpretation (VMCAI)}},
	month = "January",
	pages = "129-145",
	publisher = "Springer",
	series = "Lecture Notes in Computer Science",
	url = "http://dx.doi.org/10.1007/978-3-642-11319-2_12",
	volume = "5944",
	doi = "10.1007/978-3-642-11319-2_12",
}


@book{boolos2007computability,
	title={{Computability and Logic}},
	author={Boolos, G.S. and Burgess, J.P. and Jeffrey, R.C.},
	year={2007},
	publisher={Cambridge University Press},
	edition={5th}
}


@article{robinson1956result,
	title={{A Result on Consistency and its Application to the Theory of Definition}},
	author={Robinson, Abraham},
	journal={Indag. Math},
	volume={18},
	number={1},
	pages={47--58},
	year={1956}
}


@article{beth1953,
	title={{On Padoa’s Method in the Theory of Definition}},
	author={Beth, Evert W},
	journal={Indag. Math},
	volume={15},
	pages={330--339},
	year={1953}
}


@article{Henkin63,
	volume = {28},
	number = {3},
	author = {Leon Henkin},
	title = {{An Extension of the Craig-Lyndon Interpolation Theorem}},
	journal = {Journal of Symbolic Logic},
	year = {1963},
	pages = {201--216}
}   


